@book{1,
	title={机械设计课程设计指导书},
	author={宋宝玉},
	publisher={高等教育出版社},
	year={2016},
}
@book{2,
	title={机械设计},
	author={张锋,宋宝玉},
	publisher={高等教育出版社},
	year={2016},
}
@book{3,
	title={简明机械设计课程设计图册},
	author={宋宝玉},
	publisher={高等教育出版社},
	year={2013},
}